<?xml version="1.0" encoding="utf-8"?>
<Document xmlns:xsi="http://www.w3.org/2001/XMLSchema-instance" xmlns="urn:iso:std:iso:20022:tech:xsd:pain.001.001.03">
  <CstmrCdtTrfInitn>
    <GrpHdr>
      <MsgId>GBP161111000001</MsgId>
      <CreDtTm>2019-06-25T03:51:15</CreDtTm>
      <NbOfTxs>1</NbOfTxs>
      <CtrlSum>1.00</CtrlSum>
      <InitgPty>
        <Nm>ABC</Nm>
      </InitgPty>
    </GrpHdr>
    <PmtInf>
      <PmtInfId>98765432 Fund Transfer Domestic</PmtInfId>
      <PmtMtd>TRF</PmtMtd>
      <NbOfTxs>1</NbOfTxs>
      <CtrlSum>1.00</CtrlSum>
      <PmtTpInf>
        <SvcLvl>
          <Cd>URGP</Cd>
        </SvcLvl>
      </PmtTpInf>
      <ReqdExctnDt>2019-06-25</ReqdExctnDt>
      <Dbtr>
        <Nm>Deskera Singapore Pte Ltd</Nm>
        <PstlAdr>
          <Ctry>SG</Ctry>
          <AdrLine>One Raffles Place</AdrLine>
          <AdrLine>Singapore</AdrLine>
        </PstlAdr>
        <Id>
          <OrgId>
            <BICOrBEI>CITIGB2L</BICOrBEI>
          </OrgId>
        </Id>
      </Dbtr>
      <DbtrAcct>
        <Id>
          <Othr>
            <Id>865828039</Id>
          </Othr>
        </Id>
        <Ccy>USD</Ccy>
      </DbtrAcct>
      <DbtrAgt>
        <FinInstnId>
          <BIC>CITISGSG</BIC>
          <PstlAdr>
            <Ctry>SG</Ctry>
          </PstlAdr>
        </FinInstnId>
      </DbtrAgt>
      <ChrgBr>DEBT</ChrgBr>
      <CdtTrfTxInf>
        <PmtId>
          <EndToEndId>ABC12345</EndToEndId>
        </PmtId>
        <Amt>
          <InstdAmt Ccy="USD">1.00</InstdAmt>
        </Amt>
        <UltmtDbtr>
          <Id>
            <PrvtId>
              <Othr>
                <Id>ABCDEF UK BR600 012345</Id>
                <SchmeNm>
                  <Prtry>DFT</Prtry>
                </SchmeNm>
              </Othr>
            </PrvtId>
          </Id>
        </UltmtDbtr>
        <CdtrAgt>
          <FinInstnId>
            <BIC>DBSSSGSG</BIC>
            <ClrSysMmbId>
              <MmbId>185008</MmbId>
            </ClrSysMmbId>
            <Nm>DBS Bank Ltd.</Nm>
            <PstlAdr>
              <Ctry>SG</Ctry>
            </PstlAdr>
          </FinInstnId>
        </CdtrAgt>
        <Cdtr>
          <Nm>Mahamuni Sagar Subhash</Nm>
          <PstlAdr>
            <Ctry>SG</Ctry>
          </PstlAdr>
          <CtctDtls>
            <Nm>ABC LIMITED</Nm>
          </CtctDtls>
        </Cdtr>
        <CdtrAcct>
          <Id>
            <IBAN>480516840</IBAN>
          </Id>
        </CdtrAcct>
        <RmtInf>
          <Ustrd>TR002638</Ustrd>
        </RmtInf>
      </CdtTrfTxInf>
    </PmtInf>
  </CstmrCdtTrfInitn>
</Document>